@MISC{fenicsproject,
	title = {{FEniCS Project}},
	howpublished = {\url{https://fenicsproject.org}}
}

@BOOK{fembook,
	author = {Hans Petter Langtangen and Kent-Andre Mardal},
	title = {Introduction to Numerical Methods for Variational Problems},
	publisher = {Center for Biomedical Computing, Simula Research Laboratory; Department of Informatics, University of Oslo; Department of Mathematics, University of Oslo},
	year = {2016},
	otherinfo = {}
}


%%%editor = {Anders Logg and Kent-Andre Mardal and Garth N. Wells},
@book{fenicsbook, 
	title = {Automated Solution of Differential Equations by the Finite Element Method},
	author = {Anders Logg and Kent-Andre Mardal and Garth N. Wells and others},
	year = {2012},
	publisher = {Springer},
	doi = {10.1007/978-3-642-23099-8},
	isbn = {978-3-642-23098-1},
}

@book{brenner_scott,
	title = {The Mathematical Theory of Finite Element Methods},
	author = {Susanne C. Brenner, L. Ridgway Scott (auth.)},
	publisher = {Springer New York},
	isbn = {978-0-387-75933-3},
	year = {1994},
	series = {Texts in Applied Mathematics 15},
	edition = {3rd ed},
	volume = {},
}

BOOK{shockley,
	author = {William Shockley},
	%editor = {<++>},
	title = {Electrons and Holes in Semiconductors},
	publisher = {D. van Nostrand Companz, Inc.},
	year = {1950},
	otherinfo = {}
}
BOOK{pierret,
	author = {<++>},
	editor = {<++>},
	title = {<++>},
	publisher = {<++>},
	year = {<++>},
	otherinfo = {<++>}
}<++>
BOOK{gummel,
	author = {<++>},
	editor = {<++>},
	title = {<++>},
	publisher = {<++>},
	year = {<++>},
	otherinfo = {<++>}
}<++>

@MISC{hh,
	otherinfo = {hhhh}
}


% sablony:
@article{Xarticle,
    author    = "",
    title     = "",
    journal   = "",
    %volume   = "",
    %number   = "",
    %pages    = "",
    year      = "XXXX",
    %month    = "",
    %note     = "",
}
@book{Xbook,
    author    = "",
    title     = "",
    publisher = "",
    %volume   = "",
    %number   = "",
    %series   = "",
    %address  = "",
    %edition  = "",
    year      = "XXXX",
    %month    = "",
    %note     = "",
}
@manual{Xmanual,
	title		= "",
	%author		= "",
	%organization	= "",
	%address	= "",
	%edition	= "",
	year		= "",
	%month		= "",
	%note		= "",
}
@mastersthesis{Xthesis,
    author    = "",
    title     = "",
    school    = "",
    %type     = "diploma thesis",
    %address  = "",
    year      = "XXXX",
    %month    = "",
    %note     = "",
}
@proceedings{Xproceedings,
	title		= "",
	%editor		= "",
	%volume		= "",
	%number		= "",
	%series		= "",
	%address	= "",
	%organization	= "",
	%publisher	= "",
	year		= "",
	%month		= "",
	%note		= "",
}
